@online{statsmodel,
    author        = {Josef Perktold and Skipper Seabold and Jonathan Taylor and statsmodels-developers},
    title         = {statsmodels.tsa.stattools.acf},
    year          = {2022},
    url           = {https://www.statsmodels.org/dev/generated/statsmodels.tsa.stattools.acf.html}
}

@online{paiedList,
    author        = {geeksforgeeks},
    title         = {Python | Pair iteration in list},
    year          = {2019},
    url           = {https://www.geeksforgeeks.org/python-pair-iteration-in-list/}
}

@online{defZip,
    author        = {w3schools},
    title         = {Python zip() Function},
    year          = {2022},
    url           = {https://www.w3schools.com/python/ref_func_zip.asp}
}

@online{mercedes,
    author        = {autosport},
    title         = {Mercedes still in "trial and error" mode with porpoising F1 updates},
    year          = {2022},
    url           = {https://www.autosport.com/f1/news/mercedes-still-in-trial-and-error-mode-on-porpoising-f1-updates/10295468/
}
}


@online{realValue,
    author        = {kennytm},
    title         = {From list of integers, get number closest to a given value},
    year          = {2013},
    url           = {https://stackoverflow.com/questions/12141150/from-list-of-integers-get-number-closest-to-a-given-value}
}



@book{Jenkins,
  author = {Jenkins and G.E.P. and Box and G.M.},
  year = {1976},
  title = {Time Series Analysis: Forecasting and Control},
  publisher = {Revised Edition}
}


@online{NIST,
    author        = {National Institute of Standards and Technology},
    title         = {Autocorrelation},
    year          = {2022},
    url           = {https://www.itl.nist.gov/div898/handbook/eda/section3/eda35c.html}
}

@online{yale,
    author        = {Yale},
    title         = {Linear Regression},
    year          = {2022},
    url           = {http://www.stat.yale.edu/Courses/1997-98/101/linreg.htm}
}

@online{matplotlib,
    author        = {matplotlib},
    title         = {Matplotlib: Visualization with Python},
    year          = {2022},
    url           = {https://matplotlib.org}
}

@online{mhvk,
  author = {Marten van Kerkwijk},
  title = {numpy},
  year = {2019},
  publisher = {GitHub},
  journal = {GitHub repository},
  ulr = {https://github.com/numpy/numpy/blob/v1.22.0/numpy/core/fromnumeric.py#L2160-L2297},
  commit = {5afe650403bdb3aa1a3189c1b8c3233501208521}
}

@online{pandas,
    author        = {pandas},
    title         = {pandas},
    year          = {2008},
    url           = {https://github.com/pandas-dev/pandas/}
}

@online{Scripy,
    author        = {Jonas Melian},
    title         = {Scripy},
    year          = {2010},
    url           = {https://pypi.org/project/Scripy/}
}

@article{law2019stumpy,
  author  = {Law, Sean M.},
  title   = {{STUMPY: A Powerful and Scalable Python Library for Time Series Data Mining}},
  journal = {{The Journal of Open Source Software}},
  volume  = {4},
  number  = {39},
  pages   = {1504},
  year    = {2019}
}

 @article{zhu_imamura_nikovski_keogh_2017, title={Matrix profile VII: Time Series Chains: A new primitive for time series Data Mining (Best Student Paper Award)}, DOI={https://www.cs.ucr.edu/%7Eeamonn/chains_ICDM.pdf}, journal={2017 IEEE International Conference on Data Mining (ICDM)}, author={Zhu, Yan and Imamura, Makoto and Nikovski, Daniel and Keogh, Eamonn}, year={2017}} 
 
@article{Van_Benschoten2020,
    doi = {10.21105/joss.02179},
    url = {https://doi.org/10.21105/joss.02179},
    year = {2020},
    publisher = {The Open Journal},
    volume = {5},
    number = {49},
    pages = {2179},
    author = {Andrew Van Benschoten and Austin Ouyang and Francisco Bischoff and Tyler Marrs},
    title = {MPA: a novel cross-language API for time series analysis},
    journal = {Journal of Open Source Software}
}

 @article{woodbridge_wilson_rintoul_goldstein_2015, title={Time series discord detection in medical data using a parallel relational database}, DOI={10.1109/bibm.2015.7359885}, journal={2015 IEEE International Conference on Bioinformatics and Biomedicine (BIBM)}, author={Woodbridge, Diane Myung-kyung and Wilson, Andrew T. and Rintoul, Mark D. and Goldstein, Richard H.}, year={2015}} 
 
 @article{JMLR:v21:19-763,
  author  = {Johann Faouzi and Hicham Janati},
  title   = {pyts: A Python Package for Time Series Classification},
  journal = {Journal of Machine Learning Research},
  year    = {2020},
  volume  = {21},
  number  = {46},
  pages   = {1-6},
  url     = {http://jmlr.org/papers/v21/19-763.html}
}

@article{DBLP:journals/corr/abs-2104-07406,
  author    = {Julien Siebert and
               Janek Gro{\ss} and
               Christof Schroth},
  title     = {A systematic review of Python packages for time series analysis},
  journal   = {CoRR},
  volume    = {abs/2104.07406},
  year      = {2021},
  url       = {https://arxiv.org/abs/2104.07406},
  eprinttype = {arXiv},
  eprint    = {2104.07406},
  timestamp = {Mon, 19 Apr 2021 16:45:47 +0200},
  biburl    = {https://dblp.org/rec/journals/corr/abs-2104-07406.bib},
  bibsource = {dblp computer science bibliography, https://dblp.org}
}